2654 4354
51 154 85 220 td]
506 155 602 211 LIBER
618 157 647 211 ll.

51 327 195 392 secedam?
217 347 256 390 an
278 329 378 410 potius
399 329 527 391 mediter
548 328 636 392 linire
658 328 800 393 dolores?

50 415 169 489 exclusit,
190 423 321 476 revocet
365 411 507 476 redeam?
530 433 603 518 non,
626 415 651 477 si
675 411 831 478 obsecret'
876 434 947 479 ecoe

48 518 236 647 maiixi
245 499 348 646 Ἠοῖ
366 508 969 666 iiiiiiucoornsiiiuinrf’riltisixieriiodoque
1067 511 1111 563 m

47 670 152 732 tractui
174 688 239 731 non
260 670 329 732 volt.
373 670 406 732 in
428 688 530 733 amore
552 670 625 732 haec
647 678 719 732 sunt
740 671 826 745 mels,
849 669 971 745 bellum,

47 773 95 835 pax
112 773 250 817 mesum:
272 755 346 816 hsec
367 754 461 835 siqms
482 756 667 836 tempestatis
689 773 784 836 prope
807 756 867 818 rito

45 839 150 902 mobilis
172 848 203 901 et
226 856 314 901 caece
335 840 481 902 lluitsntis
504 848 586 902 sorte
606 840 721 903 laboret

45 926 155 988 reddere
176 933 260 987 certa
282 923 348 999 sibi,
371 925 464 987 nihilo
486 924 556 1006 plue
577 925 705 1007 explicet
726 944 761 988 sc
783 927 807 989 si

44 1011 161 1073 insanire
183 1020 272 1091 paret
292 1018 372 1072 cero
393 1010 511 1072 ratione
532 1000 700 1090 modoque?

45 1095 126 1176 qnidt
146 1113 218 1158 cum
240 1094 359 1157 Picenis
381 1112 546 1175 excerpens
568 1095 680 1158 semine
703 1095 802 1177 pomis

115 1335 176 1378 oon
199 1315 320 1396 perpeti
341 1315 533 1378 meretricum
556 1313 773 1379 contumeliosi

114 1400 257 1463 exclusit:
280 1409 414 1462 revocet:
437 1398 578 1463 redeam?
601 1419 662 1463 non
685 1401 711 1464 si
732 1419 781 1463 me
803 1399 948 1463 obsecret.

43 1485 90 1547 ld.
110 1484 142 1547 Si
163 1485 289 1565 quidem
309 1485 411 1547 hercle
433 1486 539 1565 possis,
564 1485 606 1548 nil
628 1486 713 1567 prius
735 1503 834 1565 neque
856 1487 977 1550 lortius:

113 1588 219 1632 rerum
241 1570 267 1633 si
289 1568 415 1651 incipies
437 1588 536 1650 neque
558 1572 719 1652 pertendes
741 1570 855 1632 naviter

114 1662 215 1735 etque,
238 1654 289 1716 ubi
312 1654 373 1735 pati
396 1673 458 1716 non
480 1656 603 1735 poteris,
627 1674 718 1735 quom
741 1673 829 1717 nemo
851 1664 980 1735 expetet,

113 1741 227 1810 inlecta
249 1757 324 1820 pace
344 1739 425 1801 ultro
448 1740 484 1801 ad
507 1758 572 1803 cem
594 1740 705 1815 venies,
727 1740 863 1802 indicens

112 1834 142 1887 te
163 1842 267 1886 emere
288 1834 319 1887 et
340 1825 419 1886 ferre
442 1844 504 1887 non
527 1844 633 1906 posse:
656 1832 792 1901 actumst,
815 1823 904 1899 ilicet,

112 1909 235 1991 peristi:
258 1907 368 1981 cludet,
391 1909 443 1971 ubi
464 1918 495 1971 te
516 1910 628 1973 victum
649 1911 787 1972 senserit

112 1994 204 2076 proin
228 2002 261 2055 tu
282 1994 353 2056 dum
376 2003 421 2056 est
442 2003 562 2075 tempus
584 1996 671 2058 etiem
693 2001 783 2075 atque
805 1993 892 2056 etism
915 1994 1012 2074 cogite

113 2098 180 2142 ere:
205 2096 283 2159 quae
305 2097 354 2142 res
376 2079 406 2140 in
430 2098 463 2142 sc
486 2099 585 2161 neque
606 2080 765 2143 consilium
787 2098 887 2159 neque
908 2078 1029 2142 modum

112 2164 207 2227 hebet
229 2164 333 2239 ullum,
355 2182 420 2227 eum
443 2165 569 2228 consilio
591 2183 697 2245 regere
720 2184 782 2228 non
806 2173 900 2246 potes.

112 2250 143 2312 in
166 2266 272 2311 smore
293 2248 368 2311 lmec
390 2250 490 2312 omnio
512 2250 722 2313 incontrius:
745 2250 881 2326 iniuriae,

112 2334 311 2416 suspiciones
334 2334 517 2410 inimicitiae,
540 2334 683 2410 indutiae,

111 2418 237 2495 bellum
259 2437 317 2500 pex
338 2438 474 2482 rursum:
497 2419 612 2481 incerta
634 2421 707 2482 hsec
729 2419 754 2482 si
776 2428 809 2481 tu
830 2417 964 2501 postules

113 2505 233 2568 ratione
255 2513 335 2566 certe
357 2506 466 2579 decere,
489 2504 551 2566 nilo
573 2505 643 2586 plus
663 2523 742 2585 eges,

113 2607 205 2670 quam
228 2587 253 2651 si
274 2588 328 2651 des
350 2608 367 2649 o
390 2607 470 2653 erem
493 2598 528 2651 ut
549 2607 616 2653 cum
640 2590 758 2651 ratione
779 2588 920 2651 insanias.

41 2663 359 2738 condelectando
393 2670 545 2725 nlxendiese
597 2672 640 2725 bei
657 2669 1111 2739 llensnderllevus-tsmpestae,

41 2733 165 2806 ltmduug
177 2738 297 2807 gegeben
312 2738 364 2803 het,
382 2737 500 2792 denooeh
512 2756 546 2791 ne
596 2738 643 2792 das
661 2738 848 2806 ucbmfiudige
866 2737 979 2804 Wetter,
998 2741 1111 2794 welches

41 2803 242 2861 leixnbehnlteo:
265 2807 393 2860 netdrliclr
411 2807 450 2860 els
467 2806 545 2859 ilosle
595 2806 887 2861 milderweclsselcden
897 2807 983 2860 hune
995 2805 1040 2861 der
1049 2807 1111 2860 Ver-

42 2869 60 2923 ll
103 2873 482 2941 tion‚wielndensu111,d
501 2890 546 2927 en·
596 2875 694 2929 liebten
718 2874 865 2942 verglichen
884 2874 957 2930 wind
975 2904 1009 2914 -
1030 2891 1110 2928 caeca

41 2953 67 3005 ge
92 2942 165 2997 mten
188 2940 251 2996 Beis
269 2942 346 2995 ielen.
363 2972 397 2983 -
421 2959 481 2995 cum
503 2958 545 2995 me
595 2948 680 3006 sorte,
705 2943 761 2996 elsc
783 2942 854 2996 niclrt
874 2944 1058 2998 rationando.
1076 2970 1120 2983 -*

41 3015 118 3062 nocet:
134 3011 181 3065 dus
195 3010 238 3063 bel
251 2959 349 3064 iesous
368 3011 433 3064 ueclr
450 3012 545 3064 ilterer
596 3014 721 3079 cepticet,
739 3009 786 3062 dss
798 3010 897 3063 Gewirr
909 3011 954 3063 der
971 3016 1112 3078 entgegen·

42 3073 543 3133 llelseiotserliclrdurcersretsxesn-
596 3083 729 3148 gesetxteu
759 3077 939 3145 Stlmmungen
971 3080 1110 3134 entwirren

158 3161 221 3200 cum
239 3185 246 3199 .
265 3187 271 3199 .
289 3162 415 3199 cosmos·
440 3148 475 3200 ist
502 3147 543 3200 leel
595 3145 1109 3214 undinsGleichebriogeu-eoepedtat.

58 3228 110 3266 orsx
128 3213 298 3267 wiel'erslos
316 3212 396 3268 durch
414 3214 544 3283 hypotelx·
630 3216 689 3268 tte.
725 3215 865 3277 nemum,
894 3214 936 3267 dle
962 3214 1110 3270 lmchtbsre

42 3278 112 3334 tecte
122 3280 304 3337 linterordnun
334 3283 370 3334 im
382 3278 543 3364 llocjonlrtlv
594 3281 752 3336 Lundsehclt
763 3284 797 3335 im
811 3280 890 3335 Oeten
902 3281 948 3335 des
960 3281 1110 3350 Nordspeo-

40 3348 81 3400 nit
100 3349 156 3403 dem
178 3297 347 3418 regimenien
371 3349 470 3417 cogno
487 3366 545 3403 rer-
595 3351 654 3404 nine
673 3365 706 3403 en
724 3350 769 3404 der
780 3348 861 3403 lidste
879 3365 930 3401 von
945 3350 1050 3403 Ancona
1069 3351 1109 3404 bis

41 3416 186 3471 etimolxen.
196 3447 230 3458 -
239 3417 321 3481 tinnire
332 3418 446 3485 dolores,
463 3417 544 3473 durch
595 3417 682 3472 Hatris
695 3433 749 3471 erar
761 3417 840 3471 durch
852 3418 923 3471 ihren
936 3417 1051 3470 Obstbcn
1066 3419 1110 3471 be·

41 3480 188 3553 Enugurrg.
594 3486 694 3547 rtihmt3
713 3481 826 3555 ἀγαθὴν
837 3482 905 3557 πρὸς
916 3480 1109 3568 &mappul-

70 3554 123 3607 ldl.
148 3554 306 3607 coamens·
324 3558 363 3605 est
379 3557 408 3606 ln
421 3554 542 3621 palliata
594 3560 647 3608 sto
659 3549 691 3606 dd
701 3557 759 3606 scis
771 3551 886 3616 ξυλίνοις
901 3556 1014 3625 sapricio
1024 3573 1042 3620 η
1052 3556 1110 3606 sois

39 3623 115 3683 mlle
135 3624 244 3675 couciets
260 3637 351 3675 emes
368 3624 485 3675 denonis
500 3639 543 3675 so·
595 3624 708 3675 casmeta
734 3621 880 3675 beschreibt
907 3623 944 3675 sie
968 3619 1060 3675 Strabo
1088 3620 1108 3672 V

40 3689 175 3749 rtentcm
190 3690 310 3756 tlsrgm:
332 3691 406 3757 quod
424 3691 495 3742 idem
512 3693 542 3743 in
595 3691 653 3745 240.
692 3689 883 3759 Piceneriplel:
900 3689 921 3742 ll
939 3693 964 3754 4,
982 3693 1022 3743 to.
1057 3688 1108 3742 llas

43 3757 126 3820 ossea
154 3774 211 3811 non
236 3757 312 3820 ferre
337 3760 401 3810 ticet
426 3757 543 3812 censerit
595 3759 651 3812 hier
684 3759 817 3812 erwihute
848 3757 1028 3812 Liebesorslxel
1064 3759 1109 3812 be-

43 3818 158 3879 llomtxc
168 3826 219 3881 den
230 3825 338 3880 Worten
350 3825 397 3879 des
408 3825 542 3894 Parmeno,
594 3826 709 3881 mhrdbt
731 3825 825 3881 Pollux
841 3829 884 3880 tis
901 3822 933 3879 dd
948 3824 981 3879 τὸ
1000 3828 1109 3896 σπέρμα
